@Article{FLO-Sutter-05,
  author =       {Herb Sutter},
  title =        {The free lunch is over: a fundamental turn toward concurrency in software},
  journal =      {Dr. Dobb's Journal},
  year =         {2005},
  OPTkey =       {},
  OPTvolume =    {},
  OPTnumber =    {},
  OPTpages =     {},
  month =        {March},
  OPTnote =      {},
  OPTannote =    {}
}



@InProceedings{STM-ShavitTouitou-95,
  author =       {Nir Shavit and Dan Touitou},
  title =        {Software transactional memory},
  OPTcrossref =  {},
  OPTkey =       {},
  booktitle =    {Proceedings of the 14th annual ACM symposium on Principles of distributed computing (PODC '95)},
  pages =        {204--213},
  year =         {1995},
  OPTeditor =    {},
  OPTvolume =    {},
  OPTnumber =    {},
  OPTseries =    {},
  address =      {Ottowa, Ontario, Canada},
  OPTmonth =     {},
  OPTorganization = {},
  publisher =    {ACM Press},
  OPTnote =      {},
  OPTannote =    {}
}




@InProceedings{CMT-HMPJH-05,
  author =       {Tim Harris and Simon Marlow and Simon Peyton-Jones and Maurice Herlihy},
  title =        {Composable memory transactions},
  OPTcrossref =  {},
  OPTkey =       {},
  booktitle =    {Proceedings of the tenth ACM SIGPLAN symposium on Principles and practice of parallel programming (PPoPP '05)},
  pages =        {48--60},
  year =         {2005},
  OPTeditor =    {},
  OPTvolume =    {},
  OPTnumber =    {},
  OPTseries =    {},
  address =      {Chicago, IL, USA},
  OPTmonth =     {},
  OPTorganization = {},
  publisher =    {ACM Press},
  OPTnote =      {},
  OPTannote =    {}
}

@Misc{OCaml,
  OPTkey =       {},
  author =       {OCaml},
  OPTtitle =     {},
  OPThowpublished = {},
  OPTmonth =     {},
  OPTyear =      {},
  note =         {\url{http://caml.inria.fr}},
  OPTannote =    {}
}

@Misc{STMlib,
  OPTkey =       {},
  author =       {STMlib},
  OPTtitle =     {},
  OPThowpublished = {},
  OPTmonth =     {},
  OPTyear =      {},
  note =         {\url{http://www.pps.jussieu.fr/~li/software/index.html#stmlib}},
  OPTannote =    {}
}

@Misc{Enhtop,
  OPTkey =       {},
  author =       {Enhtop},
  OPTtitle =     {},
  OPThowpublished = {},
  OPTmonth =     {},
  OPTyear =      {},
  note =         {\url{http://www.pps.jussieu.fr/~li/software/index.html#enhtop}},
  OPTannote =    {}
}


@InProceedings{DCaml-WAM-99,
  author =       {Ken Wakita and Takashi Asano and Sassa Masataka},
  title =        {D'Caml: A native distributed ML compiler for heterogeneous environment},
  OPTcrossref =  {},
  OPTkey =       {},
  booktitle =    {Proceedings of European Parallel Processing Conference 1999 (Euro-Par '99)},
  pages =        {914--924},
  year =         {1999},
  OPTeditor =    {},
  volume =       {LNCS 1685},
  OPTnumber =    {},
  OPTseries =    {},
  address =      {Toulouse, France},
  month =        {September},
  OPTorganization = {},
  publisher =    {Springer},
  OPTnote =      {},
  OPTannote =    {}
}


@Misc{QuickCheck,
  OPTkey =       {},
  author =       {QuickCheck},
  OPTtitle =     {},
  OPThowpublished = {},
  OPTmonth =     {},
  OPTyear =      {},
  note =         {\url{http://www.cs.chalmers.se/~rjmh/QuickCheck/}},
  OPTannote =    {}
}


@Misc{OUnit,
  OPTkey =       {},
  author =       {OUnit},
  OPTtitle =     {},
  OPThowpublished = {},
  OPTmonth =     {},
  OPTyear =      {},
  note =         {\url{http://www.xs4all.nl/~mmzeeman/ocaml/}},
  OPTannote =    {}
}

@InProceedings{QuickCheck-ClassenHughes-00,
  author =       {Koen Claessen and John Hughes},
  title =        {QuickCheck: a lightweight tool for random testing of Haskell programs},
  OPTcrossref =  {},
  OPTkey =       {},
  booktitle =    {Proceedings of the fifth ACM SIGPLAN international conference on Functional programming (ICFP '00)},
  pages =        {268--279},
  year =         {2000},
  OPTeditor =    {},
  OPTvolume =    {},
  OPTnumber =    {},
  OPTseries =    {},
  OPTaddress =   {},
  OPTmonth =     {},
  OPTorganization = {},
  publisher =    {ACM Press},
  OPTnote =      {},
  OPTannote =    {}
}

@Misc{Debian,
  OPTkey =       {},
  author =       {Debian},
  OPTtitle =     {},
  OPThowpublished = {},
  OPTmonth =     {},
  OPTyear =      {},
  note =         {\url{http://www.debian.org/}},
  OPTannote =    {}
}

@Misc{OCamlProjects,
  OPTkey =       {},
  author =       {SF projects written in OCaml},
  OPTtitle =     {},
  OPThowpublished = {},
  OPTmonth =     {},
  OPTyear =      {},
  note =         {\url{http://sourceforge.net/softwaremap/trove_list.php?form_cat=454}, though a lot of projects written in OCaml are historically categoried as SML projects.},
  OPTannote =       {}
}

@Misc{Mldonkey,
  OPTkey =       {},
  author =       {Mldonkey},
  OPTtitle =     {},
  OPThowpublished = {},
  OPTmonth =     {},
  OPTyear =      {},
  note =         {\url{http://mldonkey.sourceforge.net/}},
  OPTannote =    {}
}

@Misc{Unison,
  OPTkey =       {},
  author =       {Unison},
  OPTtitle =     {},
  OPThowpublished = {},
  OPTmonth =     {},
  OPTyear =      {},
  note =         {\url{http://www.cis.upenn.edu/~bcpierce/unison/}},
  OPTannote =    {}
}

@Misc{MTASC,
  OPTkey =       {},
  author =       {MTASC},
  OPTtitle =     {},
  OPThowpublished = {},
  OPTmonth =     {},
  OPTyear =      {},
  note =         {\url{http://www.mtasc.org/}},
  OPTannote =    {}
}

@Misc{HaXe,
  OPTkey =       {},
  author =       {HaXe},
  OPTtitle =     {},
  OPThowpublished = {},
  OPTmonth =     {},
  OPTyear =      {},
  note =         {\url{http://haxe.org/}},
  OPTannote =    {}
}

@Misc{Felix,
  OPTkey =       {},
  author =       {Felix},
  OPTtitle =     {},
  OPThowpublished = {},
  OPTmonth =     {},
  OPTyear =      {},
  note =         {\url{http://felix.sf.net}},
  OPTannote =    {}
}


